#FLAGGA 0
#PROGRAM "Testprogram" 1.0.0
#FORMAT PC8
#GEN 20250101
#SIETYP 1
#FTYP AB
#FNR Test
#ORGNR 556999-9999
#ADRESS "Rad1" "Rad2" "Rad3" ""
#FNAMN "Testbolaget AB"
#RAR 0 20240101 20241231
#RAR -1 20230101 20231231
#KPTYP EUBAS97
#VALUTA SEK
#IB 0 1350 50000
#IB 0 1630 677
#IB 0 1650 194
#IB 0 1790 19367.37
#IB 0 1930 37645.44
#IB 0 1940 49583.06
#IB 0 2081 -25000
#IB 0 2091 -75406.78
#IB 0 2099 -47322.09
#IB 0 2510 -9738
#UB 0 1350 55000
#UB 0 1630 7539
#UB 0 1650 222
#UB 0 1790 14248
#UB 0 1930 25869.6
#UB 0 1940 90052.53
#UB 0 2081 -25000
#UB 0 2091 -100228.87
#UB 0 2099 -48867.26
#UB 0 2510 -15150
#UB 0 2710 -1800
#UB 0 2730 -1885
#RES 0 3001 -704
#RES 0 3098 5119.37
#RES 0 3305 -81506.68
#RES 0 3308 -130068.55
#RES 0 3740 3.11
#RES 0 4531 1086.64
#RES 0 4535 1974.12
#RES 0 4599 -3060.76
#RES 0 6200 1778
#RES 0 6500 4319.02
#RES 0 7200 111500
#RES 0 7511 35030
#RES 0 8311 -921.53
#RES 0 8314 -122
#RES 0 8910 12706
#RES 0 8999 48867.26
#UB -1 1350 50000
#UB -1 1630 677
#UB -1 1650 194
#UB -1 1790 19367.37
#UB -1 1930 37645.44
#UB -1 1940 49583.06
#UB -1 2081 -25000
#UB -1 2091 -75406.78
#UB -1 2099 -47322.09
#UB -1 2510 -9738
#RES -1 3001 -704
#RES -1 3098 766.03
#RES -1 3305 -63712.6
#RES -1 3308 -210365.06
#RES -1 3740 3.77
#RES -1 4515 3317
#RES -1 4535 1699.3
#RES -1 4599 -5016.3
#RES -1 5400 3317
#RES -1 6200 706.25
#RES -1 6500 3877.58
#RES -1 7200 157500
#RES -1 7511 49483
#RES -1 8311 -452.06
#RES -1 8314 -55
#RES -1 8910 12313
#RES -1 8999 47322.09
